<record xmlns="http://www.loc.gov/MARC21/slim" xmlns:xsi="http://www.w3.org/2001/XMLSchema-instance" xsi:schemaLocation="http://www.loc.gov/MARC21/slim http://www.loc.gov/standards/marcxml/schema/MARC21slim.xsd"><leader>00991cz   2200181n  4500</leader><controlfield tag="001">oca00998712 </controlfield><controlfield tag="005">20011215072149.0</controlfield><controlfield tag="008">831104n| acannaabn          |a aaa      </controlfield><datafield ind1=" " ind2=" " tag="010"><subfield code="a">n  83180836 </subfield></datafield><datafield ind1=" " ind2=" " tag="040"><subfield code="a">DLC</subfield><subfield code="b">eng</subfield><subfield code="c">DLC</subfield><subfield code="d">OCoLC</subfield></datafield><datafield ind1=" " ind2="0" tag="053"><subfield code="a">PA4435.S19</subfield></datafield><datafield ind1="0" ind2=" " tag="100"><subfield code="a">Sophronius,</subfield><subfield code="c">Saint, Patriarch of Jerusalem,</subfield><subfield code="d">ca. 560-ca. 638</subfield></datafield><datafield ind1="0" ind2=" " tag="400"><subfield code="a">Sophrone,</subfield><subfield code="c">Saint, Patriarch of Jerusalem,</subfield><subfield code="d">ca. 560-ca. 638</subfield></datafield><datafield ind1="0" ind2=" " tag="400"><subfield code="a">Sofronio,</subfield><subfield code="c">Saint, Patriarch of Jerusalem,</subfield><subfield code="d">ca. 560-ca. 638</subfield></datafield><datafield ind1=" " ind2=" " tag="670"><subfield code="a">Donner, H. Die anakreontischen Gedichte Nr. 19 und Nr. 20 des Patriarchen Sophronius von Jerusalem, 1981 (subj.)</subfield><subfield code="b">t.p. (... Patriarchen Sophronius von Jerusalem) p. 5 (from Damaskus; d. 639)</subfield></datafield><datafield ind1=" " ind2=" " tag="670"><subfield code="a">Holweck</subfield><subfield code="b">(Sophronius, patriarch of Jerusalem; b. ca. 560 at Damascus; d. 3/11/638)</subfield></datafield><datafield ind1=" " ind2=" " tag="670"><subfield code="a">Bk. of Sts., 1966</subfield><subfield code="b">(Sophronius; d. ca. 639; patriarch of Jerusalem)</subfield></datafield><datafield ind1=" " ind2=" " tag="670"><subfield code="a">LC data base, 6-27-83</subfield><subfield code="b">(hdg.: Sophronius, Saint, Patriarch of Jerusalem, ca. 560-ca. 638; usage: Sofronio; Sophrone de Jérusalem)</subfield></datafield></record>